@misc{Harari,
	title =     {Th√©orie du corps de classes},
	author =    {David Harari},
	publisher = {},
	isbn =      {},
	year =      {2013},
	series =    {Lecture notes}}

@book {SerreFields,
	AUTHOR = {Serre, Jean-Pierre},
	TITLE = {{Local fields}},
	SERIES = {Graduate Texts in Mathematics},
	VOLUME = {67},
	NOTE = {Translated from the French by Marvin Jay Greenberg},
	PUBLISHER = {Springer-Verlag, New York-Berlin},
	YEAR = {1979},
	PAGES = {viii+241},
	ISBN = {0-387-90424-7},
	MRCLASS = {12Bxx},
	MRNUMBER = {554237},
}

@book {SerreGalois,
	AUTHOR = {Serre, Jean-Pierre},
	TITLE = {Galois cohomology},
	SERIES = {Springer Monographs in Mathematics},
	EDITION = {English},
	NOTE = {Translated from the French by Patrick Ion and revised by the
	author},
	PUBLISHER = {Springer-Verlag, Berlin},
	YEAR = {2002},
	PAGES = {x+210},
	ISBN = {3-540-42192-0},
	MRCLASS = {12G05 (11R34)},
	MRNUMBER = {1867431},
}

@book {Weibel,
	AUTHOR = {Weibel, Charles A.},
	TITLE = {An introduction to homological algebra},
	SERIES = {Cambridge Studies in Advanced Mathematics},
	VOLUME = {38},
	PUBLISHER = {Cambridge University Press, Cambridge},
	YEAR = {1994},
	PAGES = {xiv+450},
	ISBN = {0-521-43500-5; 0-521-55987-1},
	MRCLASS = {18-01 (16-01 17-01 20-01 55Uxx)},
	MRNUMBER = {1269324},
	MRREVIEWER = {Kenneth A. Brown},
	DOI = {10.1017/CBO9781139644136},
	URL = {https://doi.org/10.1017/CBO9781139644136},
}

@book {Schmidt,
	AUTHOR = {Neukirch, J\"{u}rgen and Schmidt, Alexander and Wingberg, Kay},
	TITLE = {Cohomology of number fields},
	SERIES = {Grundlehren der Mathematischen Wissenschaften [Fundamental
	Principles of Mathematical Sciences]},
	VOLUME = {323},
	EDITION = {Second},
	PUBLISHER = {Springer-Verlag, Berlin},
	YEAR = {2008},
	PAGES = {xvi+825},
	ISBN = {978-3-540-37888-4},
	MRCLASS = {11R34 (11-02 11G45 11R23 11S20 11S25 11S31 12G05)},
	MRNUMBER = {2392026},
	DOI = {10.1007/978-3-540-37889-1},
	URL = {https://doi.org/10.1007/978-3-540-37889-1},
}